@string{BASOR = {Bull.~Amer.~Schools Oriental Res.}}
@string{SIREV = {SIAM Rev.}}
@string{NGEO = {Nature Geosci.}}
@string{NCLIM = {Nature Climate Change}}
@string{NCOMMS = {Nature Commun.}}
@string{ACHA = {Appl.~Comput.~Harmon.~Anal.}}
@string{AJES = {Aust.~J.~Earth~Sci.}}
@string{EAP = {Elsevier Academic Press}}
@string{ESR = {Earth Sci.~Rev.}}
@string{AP = {Academic Press}}
@string{APJ = {Astroph.~J.}}
@string{AREPS = {Annu.~Rev.~Earth.~Planet.~Sc.}}
@string{ARGSP = {Annu.~Rev.~Geoph.~Space Phys.}}
@string{BMR = {BMR J.~Aust.~Geol.~Geophys.}}
@string{BSSA = {Bull.~Seism.~Soc.~Am.}}
@string{BAMS = {Bull.~Am.~Meter.~Soc.}}
@string{CUP = {Cambridge Univ.~Press}}
@string{CPAM = {Comm.~Pure\ Appl.~Math.}}
@string{CPC = {Comput.~Phys.~Comm.}}
@string{CRYO = {The~Cryosphere}}
@string{EOS = {Eos Trans.~AGU}}
@string{EPSL = {Earth~Planet.~Sci.~Lett.}}
@string{EPS = {Earth Planets Space}}
@string{GSAB = {Geol.~Soc.~Amer.\ Bull.}}
@string{ETNA = {Electron.~Trans.~Numer.~Anal.}}
@string{GC = {Geochem.~Geophys.~Geosys.}}
@string{GCA = {Geochim.~Cosmochim.~Acta}}
@string{GEM = {Intern.~J.~Geomath.}}
@string{GJI = {Geophys.~J.~Int.}}
@string{GJRAS = {Geophys.~J.~R.~Astron.~Soc.}}
@string{QJRAS = {Quart.~J.~R.~Astron.~Soc.}}
@string{GRA = {Geophys.~Res.~Abstr.}}
@string{GRL = {Geophys.~Res.~Lett.}}
@string{ERL = {Environm.~Res.~Lett.}}
@string{PAMM = {Proc.~Appl.~Math.~Mech.}}
@string{PSS = {Planet.~Space Sci.}}
@string{ICASSP = {Proc.~IEEE Int.~Conf.~Acoust.~Speech Signal Process.}}
@string{ICSPCS = {Proc.~IEEE Int.~Conf.~Signal Process.~Comm.~Syst.}}
@string{IEEE = {Proc.~IEEE}}
@string{IEEE-AE = {IEEE Trans.~Audio Electroacoust.}}
@string{IEEE-BE = {IEEE Trans.~Biomed Eng.}}
@string{IEEE-AP = {IEEE Trans.~Anten.~Propag.}}
@string{IEEE-AS = {IEEE Trans.~Acoust.~Speech~Signal~Process.}}
@string{IEEE-CS = {IEEE Trans.~Circuits Syst.}}
@string{IEEE-GRSL = {IEEE Geosci.~Remote Sens.~Lett.}}
@string{IEEE-GRS = {IEEE Trans.~Geosci.~Remote Sens.}}
@string{IEEE-IT = {IEEE Trans.~Inform.~Theory}}
@string{IEEE-IP = {IEEE Trans.~Image~Proc.}}
@string{IEEE-MI = {IEEE Trans.~Med.~Imag.}}
@string{IEEE-OE = {IEEE J.~Ocean.~Eng.}}
@string{IEEE-SP = {IEEE Trans.~Signal~Process.}}
@string{IEEE-SPM = {IEEE Signal~Process.~Mag.}}
@string{IEEE-SPL = {IEEE Signal~Process.~Lett.}}
@string{IEEE-ST = {IEEE J.~Select.~Topics Signal~Process.}}
@string{IGARSS = {Proc.~IEEE Int.~Geosci.~Remote Sens.~Symp.}}
@string{JASA = {J.~Acoust.~Soc.~Am.}}
@string{JASTA = {J.~Amer.~Statist.~Ass.}}
@string{JCP = {J.~Comput.~Phys.}}
@string{JGLAC = {J.~Glaciol.}}
@string{CRG = {C.~R.~Geosci.}}
@string{JGEOD = {J.~Geod.}}
@string{JSG = {J.~Struct.~Geol.}}
@string{JGTE = {J.~Geotech.~Eng.}}
@string{JFAA = {J.~Fourier Anal.~Appl.}}
@string{JAG = {J.~Appl.~Geoph.}}
@string{JGR = {J.~Geophys.~Res.}}
@string{JMP = {J.~Math.~Phys.}}
@string{JMB = {J.~Math.~Biol.}}
@string{JPA = {J.~Phys.~A:\ Math.~Gen.}}
@string{JPO = {J.~Phys.~Oceanog.}}
@string{JPB = {J.~Phys.~B:\ Mol.~Opt.~Phys}}
@string{MNRAS= {Mon.~Not.~R.~Astron.~Soc}}
@string{OUP = {Oxford Univ.~Press}}
@string{PAGEOPH = {Pure Appl.~Geophys.}}
@string{PAMS = {Proc.~Am.~Math.~Soc.}}
@string{PEPI = {Phys.~Earth Planet.~Inter.}}
@string{PNAS = {Proc.~Natl.~Acad.~Sc.}}
@string{PRA = {Phys.~Rev.\ A}}
@string{PRB = {Phys.~Rev.\ B}}
@string{PRC = {Phys.~Rev.\ C}}
@string{PRD = {Phys.~Rev.\ D}}
@string{PRE = {Phys.~Rev.\ E}}
@string{PRSL-A = {Proc.~R.~Soc.~London, Ser.~A}}
@string{PTRSL-A = {Phil.~Trans.~R.~Soc.~London, Ser.~A}}
@string{PTRSL-B = {Phil.~Trans.~R.~Soc.~London, Ser.~B}}
@string{PUP = {Princeton Univ.~Press}}
@string{RG = {Rev.~Geophys.}}
@string{RGSP = {Rev.~Geophys.~Space\ Phys.}}
@string{SFG = {Schriften zur Funk\-tio\-nalanalysis und Geomathematik}}
@string{KL = {Geomathematics Group, Dept.~Mathematics, Univ.~ Kaiserslautern}}
@string{RMP = {Rev.\ Mod.~Phys.}}
@string{SPIE = {Proc.~SPIE}}
@string{SRL = {Seismol.~Res.~Lett.}}
@string{WRR = {Water Resources Res.}}
@string{JVGR = {J.~Volcanol.~Geoth.~Res.}}
@string{IJWM = {Int.~J.~Wavelets Multiresolut.\ Inf.\ Process.}}
@string{ASR = {Adv.~Space Res.}}
@string{IP = {Inv.~Probl.}}

@Article{Simons+2006a,
  author =       {Frederik J. Simons and F. Anthony Dahlen and Mark
                  A. Wieczorek},
  title =        {Spatiospectral concentration on a sphere},
  journal =      SIREV,
  year =         2006,
  volume =       48,
  number =       3,
  pages =        {504--536, doi: 10.1137/S0036144504445765}
}

@Article{Simons+2006b,
  author =       {Frederik J. Simons and F. Anthony Dahlen},
  title =        {Spherical {S}lepian functions and the polar gap in
                  geodesy},
  journal =      GJI,
  year =         2006,
  volume =       166,
  number =       3,
  pages =        {1039--1061, doi: 10.1111/j.1365-246X.2006.03065.x}
}

@InCollection{Simons2010,
  author =       {Frederik J. Simons},
  title =        {Slepian functions and their use in signal estimation
                  and spectral analysis},
  booktitle =    {Handbook of {G}eomathematics},
  publisher =    {Springer},
  year =         2010,
  chapter =      30,
  pages =        {891--923, doi: 10.1007/978-3-642-01546-5\_30},
  editor =       {Willi Freeden and  M. Zuhair Nashed and Thomas Sonar},
  address =      {Heidelberg, Germany}
}
@Article{Harig+2012,
  author =       {Christopher Harig and Frederik J. Simons},
  title =        {Mapping {G}reenland's mass loss in space and time},
  journal =      PNAS,
  year =         2012,
  volume =       109,
  number =       49,
  pages =        {19934--19937, doi: 10.1073/pnas.1206785109}
}

@Article{Harig+2012-egs,
  author =       {Christopher Harig and Frederik J. Simons},
  title =        {Mass loss over the {G}reenland ice sheet from
                  {GRACE}: {A} reappraisal},
  journal =      GRA,
  year =         2012,
  volume =       14,
  pages =        13039
}

@Article{Harig+2015a,
  author =       {Christopher Harig and Frederik J. Simons},
  title =        {Accelerated {W}est {A}ntarctic ice mass loss
                  continues to outpace {E}ast {A}ntarctic gains},
  journal =      EPSL,
  year =         2015,
  volume =       415,
  pages =        {134--141, doi: 10.1016/j.epsl.2015.01.029}
}
@Article{Wieczorek+2007,
  author =       {Mark A. Wieczorek and Frederik J. Simons},
  title =        {Minimum-variance spectral analysis on the sphere},
  journal =      JFAA,
  year =         2007,
  volume =       13,
  number =       6,
  pages =        {665--692, doi: {10.1007/s00041-006-6904-1}}
}

@article{Harig+2016,
  title={Ice mass loss in Greenland, the Gulf of Alaska, and the Canadian Archipelago: Seasonal cycles and decadal trends},
  author={Harig, Christopher and Simons, Frederik J},
  journal={Geophysical Research Letters},
  volume={43},
  number={7},
  pages={3150--3159, doi: {10.1002/2016GL067759}},
  year={2016},
  publisher={Wiley Online Library}
}

@inbook{ipcc2013_cryosphere,
  title={Climate Change 2013: The Physical Science Basis. Contribution of Working Group I Contribution to the Fifth Assessment Report},
  institution =	 {Intergovernmental Panel on Climate Change},
  chapter={Observations: Cryosphere},
  author={Vaughan, D.G. and J.C. Comiso and I. Allison and J. Carrasco and G. Kaser and R. Kwok and P. Mote and T. Murray and F. Paul and J. Ren and E. Rignot and O. Solomina and K. Steffen and T. Zhang},
  year={2013},
  publisher=CUP,
  city={Cambridge, United Kingdom and New York, NY, USA.},
  pages =	 {doi: 10.1017/CBO9781107415324}
}

@inbook{ipcc2013_atmosphere,
title={Climate Change 2013: The Physical Science Basis. Contribution of Working Group I Contribution to the Fifth Assessment Report of the Intergovernmental Panel on Climate Change},
  chapter={Observations: Atmosphere and Surface},
  author={Hartmann, D.L. and A.M.G. Klein Tank and M. Rusticucci and L.V. Alexander and S. Br\"{o}nnimann and Y. Charabi and F.J. Dentener and E.J. Dlugokencky and D.R. Easterling and A. Kaplan and B.J. Soden and P.W. Thorne and M. Wild and P.M. Zhai},
  year={2013},
  publisher=CUP,
  city={Cambridge, United Kingdom and New York, NY, USA.},
  pages =	 {doi: {10.1017/CBO9781107415324}}
}

@inbook{ipcc2013_sealevel,
title={Climate Change 2013: The Physical Science Basis. Contribution of Working Group I Contribution to the Fifth Assessment Report of the Intergovernmental Panel on Climate Change},
  chapter={Sea Level Change},
  author={J.A. Church and Clark, P.U. and Cazenave, A. and Gregory, J.M. and Jevrejeva, S. and Levermann, A. and Merrifield, M.A. and Milne, G.A. and Nerem, R.S. and Nunn, P.D. and  Payne, A.J. and Pfeffer, W.T. and Stammer, D. and Unnikrishnan, A.S.},
  year={2013},
  publisher=CUP,
  city={Cambridge, United Kingdom and New York, NY, USA.},
  pages =	 {doi: {10.1017/CBO9781107415324}}
}

@inproceedings{GGM032007,
author = {Byron D. Tapley and Ries, John C. and Bettadpur, Srinivas and Chambers, D. and Cheng, M. and Condi, F. and Poole, S.},
title = {The GGM03 Mean Earth Gravity Model from GRACE},
year = {2007},
series = {Abstract G42A-03},
organization = EOS,
booktitle = {88(52), Fall Meet. Suppl. }
}

@article{swenson2008,
  title={Estimating geocenter variations from a combination of GRACE and ocean model output},
  author={Swenson, Sean and Chambers, Don and Wahr, John},
  journal={Journal of Geophysical Research: Solid Earth},
  volume={113},
  number={B8},
  year={2008},
  publisher={Wiley Online Library},
  pages = {doi: {10.1029/2007JB005338}}
}

@article{cheng2013,
  title={Deceleration in the Earth's oblateness},
  author={Cheng, Minkang and Tapley, Byron D and Ries, John C},
  journal={Journal of Geophysical Research: Solid Earth},
  volume={118},
  number={2},
  pages={740--747, doi: {10.1002/jgrb.50058}},
  year={2013},
  publisher={Wiley Online Library}
}

@article{khan2015,
  title={Greenland ice sheet mass balance: a review},
  author={Shfaqat A. Khan and Aschwanden, Andy and Bj{\o}rk, Anders A. and Wahr, John and 		Kjeldsen, Kristian K. and Kj{\ae}r, Kurt H.},
  journal={Reports on Progress in Physics},
  volume={78},
  number={4},
  pages={046801},
  year={2015},
  publisher={IOP Publishing}
}

@article{mcmillan2016,
  title={A high-resolution record of Greenland mass balance},
  author={Malcolm McMillan and Leeson, Amber and Shepherd, Andrew and Briggs, Kate and Armitage, Thomas W.K. and Hogg, Anna and Munneke, Peter Kuipers and van den Broeke, Michiel  and No{\"e}l, Brice and van de Berg, Willem Jan and Ligtenberg, Stefan and Horwath, Martin and Groh, Andreas and Muir, Alan and Gilbert, Lin},
  journal={Geophysical Research Letters},
  volume={43},
  number={13},
  pages={7002--7010, doi: {10.1002/2016GL069666}},
  year={2016},
  publisher={Wiley Online Library}
}

@article{Ramillien2006,
title = {Interannual variations of the mass balance of the Antarctica and Greenland ice sheets from GRACE},
journal = {Global and Planetary Change},
volume = {53},
number = {3},
pages = {198 - 208},
year = {2006},
issn = {0921-8181},
doi = {https://doi.org/10.1016/j.gloplacha.2006.06.003},
url = {http://www.sciencedirect.com/science/article/pii/S0921818106001317},
author = {G. Ramillien and A. Lombard and A. Cazenave and E.R. Ivins and M. Llubes and F. Remy and R. Biancale},
keywords = {ice sheets mass balance, GRACE satellite gravimetry, sea level}
}

@article{velicogna2009,
author = {Velicogna, I},
title = {Increasing rates of ice mass loss from the Greenland and Antarctic ice sheets revealed by GRACE},
journal = {Geophysical Research Letters},
volume = {36},
number = {19},
issn = {1944-8007},
url = {http://dx.doi.org/10.1029/2009GL040222},
pages = {doi {10.1029/2009GL040222}},
year = {2009},
note = {L19503},
}

@article{enderlin2014,
author = {Enderlin, Ellyn M. and Howat, Ian M. and Jeong, Seongsu and Noh, Myoung-Jong and van Angelen, Jan H. and van den Broeke, Michiel R.},
title = {An improved mass budget for the Greenland ice sheet},
journal = {Geophysical Research Letters},
volume = {41},
number = {3},
issn = {1944-8007},
url = {http://dx.doi.org/10.1002/2013GL059010},
pages = {866--872 doi {10.1002/2013GL059010}},
keywords = {Greenland Ice Sheet, mass budget, discharge, surface mass balance, glacier change, mass change},
year = {2014},
}

@article {wahr1998,
author = {John Wahr and Molenaar, Mery and Bryan, Frank},
title = {Time variability of the Earth's gravity field: Hydrological and oceanic effects and their possible detection using GRACE},
journal = {Journal of Geophysical Research: Solid Earth},
volume = {103},
number = {B12},
issn = {2156-2202},
url = {http://dx.doi.org/10.1029/98JB02844},
doi = {10.1029/98JB02844},
pages = {30205--30229},
keywords = {Geopotential theory and determination, Sea level: variations and mean},
year = {1998},
}

@article {swenson2006,
author = {Swenson, Sean and Wahr, John},
title = {Post-processing removal of correlated errors in GRACE data},
journal = {Geophysical Research Letters},
volume = {33},
number = {8},
issn = {1944-8007},
url = {http://dx.doi.org/10.1029/2005GL025285},
doi = {10.1029/2005GL025285},
pages = {doi: {10.1029/2005GL025285}},
keywords = {Time variable gravity, Satellite geodesy: results, Satellite geodesy: technical issues, Instruments and techniques, General or miscellaneous},
year = {2006},
note = {L08402},
}


@article{tian2015,
author = {Yixiang Tian and Scaioni, Marco and Tong, Xiaohua and Li, Rongxing},
title = {On the Conversion of Antarctic Ice-Mass Change to Sea Level Equivalent},
journal = {Marine Geodesy},
volume = {38},
number = {1},
pages = {89-97, doi: {10.1080/01490419.2014.969458}},
year  = {2015},
publisher = {Taylor & Francis},
doi = {10.1080/01490419.2014.969458},
}

@inbook {hanna2017,
      author = {Edward Hanna and Cropper, Thomas E.},
      title = {Oxford Research Encyclopedia, Climate Science},
      chapter = {North Atlantic Oscillation},
      publisher = {Oxford University Press},
      year = 2017,
      pages = {doi: {10.1093/acrefore/9780190228620.013.22}}
}

@article{broeke2016,
author={Michiel R. van den Broeke and Enderlin, Ellyn M. and Howat, Ian M. and No\:{e}l, Brice P.Y. and van de Berg, Willem Jan and Meijgaard, Erik van and Wouters, Bert},
year={2016},
title={On the recent contribution of the Greenland ice sheet to sea level change},
journal={The Cryosphere},
volume={10},
number={5},
pages={1933-1946, doi: {doi:10.5194/tc-10-1933-2016}},
note={Copyright - Copyright Copernicus GmbH 2016; Last updated - 2016-10-01},
keywords={Environmental Studies},
language={English},
url={https://search.proquest.com/docview/1823982836?accountid=13314},
}

@article{zwally,
author = {H. Jay Zwally and Giovinetto, Mario B. and Beckley, Matthew A. and Saba, Jack L.},
year =  {2012}, 
title = {Antarctic and Greenland Drainage Systems},
journal = {GSFC Cryospheric Sciences Laboratory}
}

@article{Wouters2008,
author = {B. Wouters and Chambers, D. and Schrama, E. J. O.},
year = {2008},
title = {GRACE observes small-scale mass loss in Greenland},
journal = {Geophysical Research Letters},
volume = {35},
number = {20},
pages = {},
keywords = {GRACE, cryosphere, Greenland},
doi = {10.1029/2008GL034816},
url = {https://agupubs.onlinelibrary.wiley.com/doi/abs/10.1029/2008GL034816}
}

@article{velicogna2005,
  author = {Velicogna, Isabella and Wahr, John},
  year = {2005},
  title = {Greenland mass balance from GRACE},
  journal = {Geophysical Research Letters},
  publisher = {Wiley Online Library},
  issn = {1944-8007},
  doi = {10.1029/2005GL023955},
  volume = {32},
  month = {9},
  number = {18},
  url = {http:https://doi.org/10.1029/2005GL023955}
}

@article{bevis2018,
  author = {Michael Bevis and Harig, C. and Khan, S. A. and Brown,  A. and Simons, F. J. and Willis, M. and Fettweis, X. and van den Broeke, M. R. and Madsen,  F. B. and Kendrick,  E. and Caccamise II,  D. J. and van Dam,  T. and Knudsen,  P. and Nylen,  T.},
  year = {2018},
  title = {Accelerating changes in ice mass within Greenland, and the ice sheet's sensitivity to atmospheric forcing},
  journal = {\textit{in submission to} Proc.~Natl.~Acad.~Sc.},
  publisher = {},
  issn = {},
  doi = {},
  volume = {},
  month = {},
  number = {},
  url = {}
}

@article{panet2006,
  author = {I. Panet and Chambodut, A. and Diament, M. and Holschneider, M. and Jamet, O.},
  year = {2006},
  title = {New insights on intraplate volcanism in French Polynesia from wavelet analysis of GRACE, CHAMP, and sea surface data},
  journal = {Journal of Geophysical Research: Solid Earth (1978--2012)},
  publisher = {Wiley Online Library},
  issn = {2156-2202},
  doi = {10.1029/2005JB004141},
  volume = {111},
  month = {9},
  number = {B9},
  url = {http:https://doi.org/10.1029/2005JB004141},
  }

@article{cadio2011,
title = "Pacific geoid anomalies revisited in light of thermochemical oscillating domes in the lower mantle",
journal = "Earth and Planetary Science Letters",
volume = "306",
number = "1",
pages = "123--135",
year = "2011",
issn = "0012-821X",
doi = "https://doi.org/10.1016/j.epsl.2011.03.040",
url = "http://www.sciencedirect.com/science/article/pii/S0012821X11002056",
author = "C. Cadio and I. Panet and A. Davaille and M. Diament and L. Métivier and O. de Viron"
}

@article{wang2017,
title = "Multi-scale modeling of Earth's gravity field in space and time",
journal = "Journal of Geodynamics",
volume = "106",
pages = "46--65",
year = "2017",
issn = "0264-3707",
doi = "https://doi.org/10.1016/j.jog.2017.02.001",
url = "http://www.sciencedirect.com/science/article/pii/S0264370716301466",
author = "Shuo Wang and Panet, Isabelle  and Ramillien, Guillaume  and Guilloux, Fr\'ed\'eric ",
keywords = "Gravity modeling, GRACE, Wavelets"
}

@article{panet2018,
  title={Migrating pattern of deformation prior to the Tohoku-Oki earthquake revealed by GRACE data},
  author={Isabelle Panet and Bonvalot, Sylvain and Narteau, Cl{\'e}ment and Remy, Dominique and Lemoine, Jean-Michel},
  journal={Nature Geoscience},
  pages={1},
  year={2018},
  publisher={Nature Publishing Group}
}

@inproceedings{harig2012,
  title={Localized Inversion of GRACE Level 1B Data Over Greenland Using Slepian Functions},
  author={Harig, C and Simons, FJ and Wang, L and Shum, C},
  booktitle={AGU Fall Meeting Abstracts},
  year={2012}
}

@article{ronchi1996,
title = "The “Cubed Sphere”: A New Method for the Solution of Partial Differential Equations in Spherical Geometry",
journal = "Journal of Computational Physics",
volume = "124",
number = "1",
pages = "93 - 114",
year = "1996",
issn = "0021-9991",
doi = "https://doi.org/10.1006/jcph.1996.0047",
url = "http://www.sciencedirect.com/science/article/pii/S0021999196900479",
author = "C. Ronchi and R. Iacono and P.S. Paolucci"
}

@article{mattingly2018,
  title={Atmospheric River Impacts on Greenland Ice Sheet Surface Mass Balance},
  author={K.S. Mattingly and Mote, T.L. and Fettweis, Xavier},
  journal={Journal of Geophysical Research: Atmospheres},
  volume={123},
  pages = {8538-8560, doi: {10.1029/2018JD028714}},
  year={2018},
  publisher={Wiley Online Library}
}

@article{solomon2017,
  title={Cloud-Atmospheric Boundary Layer-Surface Interactions on the Greenland Ice Sheet during the July 2012 Extreme Melt Event},
  author={Solomon, Amy and Shupe, Matthew D and Miller, Nathaniel B},
  journal={Journal of Climate},
  volume={30},
  number={9},
  pages={3237--3252},
  year={2017}
}

@article{fausto2016,
  title={The implication of nonradiative energy fluxes dominating Greenland ice sheet exceptional ablation area surface melt in 2012},
  author={Fausto, Robert S and van As, Dirk and Box, Jason E and Colgan, William and Langen, Peter L and Mottram, Ruth H},
  journal={Geophysical Research Letters},
  volume={43},
  number={6},
  pages={2649--2658},
  year={2016},
  publisher={Wiley Online Library}
}

@article{fausto2016,
  title={Quantifying the Surface Energy Fluxes in South Greenland during the 2012 High Melt Episodes Using In-situ Observations},
  author={Fausto, Robert S and van As, Dirk and Box, Jason E and Colgan, William and Langen, Peter L},
  journal={Frontiers in Earth Science},
  volume={4},
  pages={82},
  year={2016},
  publisher={Frontiers}
}

@article{hanna2014,
  title={Atmospheric and oceanic climate forcing of the exceptional Greenland ice sheet surface melt in summer 2012},
  author={Hanna, Edward and Fettweis, Xavier and Mernild, Sebastian H and Cappelen, John and Ribergaard, Mads H and Shuman, Christopher A and Steffen, Konrad and Wood, Len and Mote, Thomas L},
  journal={International Journal of Climatology},
  volume={34},
  number={4},
  pages={1022--1037},
  year={2014},
  publisher={Wiley Online Library}
}


